@MISC {21513,
    TITLE = {Understanding proof of McDiarmid&#39;s inequality},
    AUTHOR = {Anand (https://stats.stackexchange.com/users/2513/anand)},
    HOWPUBLISHED = {Cross Validated},
    NOTE = {URL:https://stats.stackexchange.com/q/21513 (version: 2017-04-13)},
    EPRINT = {https://stats.stackexchange.com/q/21513},
    URL = {https://stats.stackexchange.com/q/21513}
}
